@misc{ref:pep563,
    title = "PEP 563 -- Postponed Evaluation of Annotations",
    url   = "https://www.python.org/dev/peps/pep-0563/#implementation"
}

@misc{ref:pep544,
    title = "PEP 544 -- Protocols: Structural subtyping (static duck typing)",
    url   = "https://www.python.org/dev/peps/pep-0544/"
}